<?xml version='1.0' encoding='utf-8'?>
<record xmlns="http://www.loc.gov/MARC21/slim" xmlns:xsi="http://www.w3.org/2001/XMLSchema-instance">
  <leader>00000npcaa22003731?^4500</leader>
  <controlfield tag="001">002740865</controlfield>
  <controlfield tag="005">20100803113929.0</controlfield>
  <controlfield tag="008">940131i18471907miu^^^^^r^^^^^^^^^^^eng||</controlfield>
  <datafield tag="035" ind1=" " ind2=" ">
    <subfield code="a">(RLIN)MIUV85-A488</subfield>
  </datafield>
  <datafield tag="035" ind1=" " ind2=" ">
    <subfield code="a">(OCoLC)ocm82447200</subfield>
  </datafield>
  <datafield tag="040" ind1=" " ind2=" ">
    <subfield code="a">MiU-H</subfield>
    <subfield code="c">MiU-H</subfield>
    <subfield code="e">appm</subfield>
  </datafield>
  <datafield tag="041" ind1=" " ind2=" ">
    <subfield code="a">engger</subfield>
  </datafield>
  <datafield tag="100" ind1="3" ind2=" ">
    <subfield code="a">Bechtold family (Missouri)</subfield>
  </datafield>
  <datafield tag="245" ind1="0" ind2="0">
    <subfield code="a">Bechtold family papers,</subfield>
    <subfield code="f">[ca. 1847-ca. 1907 scattered dates].</subfield>
  </datafield>
  <datafield tag="300" ind1=" " ind2=" ">
    <subfield code="a">4 folders.</subfield>
  </datafield>
  <datafield tag="533" ind1=" " ind2=" ">
    <subfield code="a">Photocopies, except for diary.</subfield>
  </datafield>
  <datafield tag="545" ind1=" " ind2=" ">
    <subfield code="a">German immigrants to the United States.</subfield>
  </datafield>
  <datafield tag="520" ind1=" " ind2=" ">
    <subfield code="a">Translations of letters, 1847-1850, of Gotthardt Bechtold describing his trip to, impressions of, and settlement in America; also diary, 1861-1865, of Frederick W. Bechtold, soldier in Co. B, 12th Missouri Volunteers during the Civil War (partially in German); typescript translations of Bechtold's diary and of his letters, 1862-1864; and miscellaneous other family letters (some in German).</subfield>
  </datafield>
  <datafield tag="500" ind1=" " ind2=" ">
    <subfield code="a">Donor: 6692, 5141</subfield>
  </datafield>
  <datafield tag="651" ind1=" " ind2="0">
    <subfield code="a">United States</subfield>
    <subfield code="x">Emigration and immigration.</subfield>
  </datafield>
  <datafield tag="650" ind1=" " ind2="0">
    <subfield code="a">German Americans.</subfield>
  </datafield>
  <datafield tag="610" ind1="1" ind2="0">
    <subfield code="a">United States.</subfield>
    <subfield code="b">Army.</subfield>
    <subfield code="b">Missouri Infantry Regiment, 12th (1861-1864).</subfield>
    <subfield code="b">Company B.</subfield>
  </datafield>
  <datafield tag="651" ind1=" " ind2="0">
    <subfield code="a">United States</subfield>
    <subfield code="x">History</subfield>
    <subfield code="y">Civil War, 1861-1865.</subfield>
  </datafield>
  <datafield tag="651" ind1=" " ind2="0">
    <subfield code="a">Germany</subfield>
    <subfield code="x">Emigration and immigration.</subfield>
  </datafield>
  <datafield tag="650" ind1=" " ind2="0">
    <subfield code="a">Immigrants</subfield>
    <subfield code="z">United States.</subfield>
  </datafield>
  <datafield tag="655" ind1=" " ind2="7">
    <subfield code="a">Diaries.</subfield>
    <subfield code="2">aat</subfield>
  </datafield>
  <datafield tag="600" ind1="3" ind2="0">
    <subfield code="a">Bechtel family.</subfield>
  </datafield>
  <datafield tag="700" ind1="1" ind2=" ">
    <subfield code="a">Bechtold, Frederick W.,</subfield>
    <subfield code="d">b. 1845.</subfield>
  </datafield>
  <datafield tag="700" ind1="1" ind2=" ">
    <subfield code="a">Bechtold, Gotthardt.</subfield>
  </datafield>
  <datafield tag="852" ind1="8" ind2=" ">
    <subfield code="a">MiU-H</subfield>
    <subfield code="b">BENT</subfield>
    <subfield code="h">85488 Aa 1</subfield>
  </datafield>
  <datafield tag="998" ind1=" " ind2=" ">
    <subfield code="s">9554</subfield>
  </datafield>
  <datafield tag="955" ind1=" " ind2=" ">
    <subfield code="b">BENT</subfield>
    <subfield code="p">B1055861</subfield>
  </datafield>
</record>
